@inproceedings{ feitelson98utilization,
  author =	 {Dror G. Feitelson and Ahuva Mu'alem Weil},
  title =	 {{U}tilization and {P}redictability in {S}cheduling the
                  {IBM} {SP2} with {B}ackfilling},
  booktitle =	 {12th Intl. Parallel Processing Symp.},
  pages =	 {542--546},
  year =	 1998
}

@misc{ feitelson-parallel,
  author =	 {Dror G. Feitelson and Larry Rudolph and et al.},
  title =	 "{P}arallel {J}ob {S}cheduling - {A} {S}tatus {R}eport"
}

@incollection{ feitelson97theory,
  author =	 {Dror G. Feitelson and Larry Rudolph and Uwe
                  Schwiegelshohn and Kenneth C. Sevcik and Parkson Wong},
  title =	 {{T}heory and {P}ractice in {P}arallel {J}ob
                  {S}cheduling},
  booktitle =	 "Job Scheduling Strategies for Parallel Processing",
  publisher =	 "Springer Verlag",
  editor =	 "Dror G. Feitelson and Larry Rudolph",
  pages =	 "1--34",
  year =	 1997
}

@Book{book/Foster99,
  editor =	 {Ian Foster and Carl Kesselman},
  title =	 {The Grid: Blueprint for a New Computing Infrastructure},
  publisher =	 {Morgan Kaufmann},
  year =	 1999
}

@InProceedings{conf/ccgrid/Foster01a,
  title =	 {{T}he {A}natomy of the {G}rid: {E}nabling {S}calable
                  {V}irtual {O}rganizations},
  author =	 {Ian Foster and Carl Kesselman and Steve Tuecke},
  publisher =	 "IEEE Computer Society",
  year =	 2001,
  bibdate =	 "2004-05-26",
  bibsource =	 "DBLP, http://dblp.uni-trier.de/db/conf/ccgrid/ccgrid2001.html#Foster01a",
  booktitle =	 "CCGRID",
  crossref =	 "conf/ccgrid/2001",
  pages =	 "6--7",
  url =          {\url{http://csdl.computer.org/comp/proceedings/ccgrid/2001/1010/00/10100006.pdf}}
}

@article{10.1109/CCGRID.2001.923174,
  author =	 {Stefaan Vanhastel and Filip de Turck and Piet Demeester},
  title =	 {{D}esign of a {G}eneric {P}latform for {E}fficient and
                  {S}calable {C}luster {C}omputing based on {M}iddleware
                  {T}echnology},
  journal =	 {ccgrid},
  volume =	 00,
  year =	 2001,
  isbn =	 {0-7695-1010-8},
  pages =	 40,
  doi =
                  {http://doi.ieeecomputersociety.org/10.1109/CCGRID.2001.923174},
  publisher =	 {IEEE Computer Society},
  address =	 {Los Alamitos, CA, USA},
}

@proceedings{conf/ccgrid/2001,
  title =	 {{F}irst {IEEE} {I}nternational {S}ymposium on {C}luster
                  {C}omputing and the {G}rid ({CCGrid} 2001), {M}ay 15-18,
                  2001, {B}risbane, {A}ustralia},
  booktitle =	 {CCGRID},
  publisher =	 {IEEE Computer Society},
  year =	 2001,
  bibsource =	 {DBLP, http://dblp.uni-trier.de}
}

@misc{ dalheimer05agentbased,
  author =	 {M. Dalheimer and F. Pfreund and P. Merz},
  title =	 {{A}gent-based {G}rid {S}cheduling with {C}alana},
  text =	 {M. Dalheimer, F. Pfreund and P. Merz. Agent-based grid
                  scheduling with calana. In Proceedings of the Second
                  Grid Resource Management Workshop (GRMW 2005), Poznan,
                  Poland, (2005).},
  year =	 2005
}

@unpublished{dalheimer06calanaprotocol,
  author =	 {M. Dalheimer},
  title =	 {{C}alana {P}rotocol {D}efinition},
  note = {{W}orking {P}aper},
  year =	 2006
}



@Misc{petry06,
  author = 	 {Alexander Petry},
  title = 	 {{E}ventbasierte {S}imulation von {M}iddleware {P}lattformen},
  year = 	 2006,
  note = 	 {Projektarbeit (german)}
}

@misc{gradwell-agents,
  author =	 {Peter Gradwell},
  title =	 {{G}rid {S}cheduling with {A}gents},
  url =		 {http://peter.gradwell.com},
  year =	 2003
}

@article{10.1109/IPDPS.2000.845974,
  author =	 {Warren Smith and Ian Foster and Valerie Taylor},
  title =	 {{S}cheduling with {A}dvanced {R}eservations},
  journal =	 {ipdps},
  volume =	 00,
  year =	 2000,
  issn =	 {1530-2075},
  pages =	 127,
  doi =
                  {http://doi.ieeecomputersociety.org/10.1109/IPDPS.2000.845974},
  publisher =	 {IEEE Computer Society},
  address =	 {Los Alamitos, CA, USA}
}

@inproceedings{ zotkin99joblength,
  author =	 {Dmitry Zotkin and Peter J. Keleher},
  title =	 "{J}ob-{L}ength {E}stimation and {P}erformance in
                  {B}ackfilling {S}chedulers",
  booktitle =	 "{HPDC}",
  year =	 1999
}

@misc{ mu'alem01utilization,
  author =	 {A. Mu'alem and D. Feitelson},
  title =	 "{U}tilization, predictability, workloads, and user
                  runtime estimates in scheduling the {IBM} {SP2} with
                  backfilling",
  text =	 "A. W. Mu'alem and D. G. Feitelson, Utilization,
                  predictability, workloads, and user runtime estimates in
                  scheduling the IBM SP2 with backfilling . IEEE
                  Trans. Parallel & Distributed Syst. 12(6), Jun 2001.",
  year =	 2001
}

@article{ ward02job,
  author =	 {William A. Ward Jr. and Carrie L. Mahood and John
                  E. West},
  title =	 {{S}cheduling {J}obs on {P}arallel {S}ystems {U}sing a
                  {R}elaxed {B}ackfill {S}trategy},
  journal =	 "Lecture Notes in Computer Science",
  volume =	 2537,
  pages =	 "88-102",
  year =	 2002
}


@misc{ jobs-backfilling,
  author =	 "Dror G. Feitelson and Edi Shmueli",
  title =	 "{B}ackfilling with {L}ookahead to {O}ptimize the
                  {P}acking"
}

@misc{ srinivasan02selective,
  author =	 "S. Srinivasan and R. Kettimuthu and V. Subramani and
                  P. Sadayappan",
  title =	 "{S}elective reservation strategies for backfill job
                  scheduling",
  text =	 "S. Srinivasan, R. Kettimuthu, V. Subramani, and
                  P. Sadayappan, Selective reservation strategies for
                  backfill job scheduling . In Job Scheduling Strategies
                  for Parallel Processing, pp. 55--71, SpringerVerlag,
                  2002. Lect. Notes Comput. Sci. vol. 2537.",
  year =	 2002
}

@misc{ srinivasan02characterization,
  author =	 "S. Srinivasan and R. Kettimuthu and V. Subramani and
                  P. Sadayappan",
  title =	 "{C}haracterization of {B}ackfilling {S}trategies for
                  {P}arallel {J}ob {S}cheduling",
  year =	 2002
}

@article{ jackson01core,
  author =	 "David Jackson and Quinn Snell and Mark Clement",
  title =	 "{C}ore {A}lgorithms of the {M}aui {S}cheduler",
  journal =	 "Lecture Notes in Computer Science",
  volume =	 2221,
  pages =	 "87--??",
  year =	 2001
}

@misc{ ernemann02economic,
  author =	 "C. Ernemann and V. Hamscher and R. Yahyapour",
  title =	 "{E}conomic {S}cheduling in {G}rid {C}omputing",
  text =	 "C. Ernemann, V. Hamscher, and R. Yahyapour. Economic
                  Scheduling in Grid Computing. In Job Scheduling
                  Strategies for Parallel Processing, Edinburgh, Scotland,
                  July 2002. Springer. LNCS 2537.",
  year =	 2002
}
    
@misc{ grid/a4,
  key =		 "A4",
  title =	 {{A}gile {A}rchitecture and {A}utonomous {A}gents ({A}4)
                  ({URL}:
                  \url{http://www.dcs.warwick.ac.uk/research/hpsg/A4/A4.html})},
  text =	 "{A}gile {A}rchitecture and {A}utonomous {A}gents (A4),
                  URL:
                  \url{http://www.dcs.warwick.ac.uk/research/hpsg/A4/A4.html}"
}

@misc{ grid/agentscape,
  key =		 "agentscape",
  title =	 {{A}gent{S}cape {O}perating {S}ystem: {K}ernel and
                  {S}ystem {S}ervices ({URL}:
                  \url{http://www.iids.org/research/aos})},
  url =		 {\url{http://www.iids.org/research/aos}}
}

@book{ast-modernos,
  author =	 {Andrew S. Tanenbaum},
  title =	 {{M}odern {O}perating {S}ystems},
  year =	 2001,
  isbn =	 0130313580,
  publisher =	 {Prentice Hall PTR},
  address =	 {Upper Saddle River, NJ, USA}
}

@misc{ cluster/beowulf,
  key =		 "beowulf",
  title =	 {{B}eowulf {P}roject: \url{http://www.beowulf.org}},
  url =		 {\url{http://www.beowulf.org}}
}

@misc{ the-agent-paradigm,
  author =	 {Jozef Kelemen},
  title =	 {{T}he {A}gent {P}aradigm},
  year =	 2003
}

@incollection{ jennings98applications,
  author =	 "Nicholas R. Jennings and Michael J. Wooldridge",
  title =	 "{A}pplications of {I}ntelligent {A}gents",
  booktitle =	 "Agent Technology: Foundations, Applications, and
                  Markets",
  publisher =	 "Springer-Verlag: Heidelberg, Germany",
  editor =	 "Nicholas R. Jennings and Michael J. Wooldridge",
  pages =	 "3--28",
  year =	 1998
}

@inproceedings{ franklin96is,
  author =	 "S. Franklin and A. Graesser",
  title =	 "{{I}s it an {A}gent, or just a {P}rogram?: {A}
                  {T}axonomy for {A}utonomous {A}gents}",
  booktitle =	 "{I}ntelligent {A}gents {III}. {A}gent {T}heories,
                  {A}rchitectures and {L}anguages ({ATAL}'96)",
  volume =	 1193,
  publisher =	 "Springer-Verlag",
  address =	 "Berlin, Germany",
  year =	 1996
}

@article{ wooldridge98agentbased,
  author =	 "M. Wooldridge",
  title =	 "{{A}gent-based {C}omputing}",
  journal =	 "{I}nteroperable {C}ommunication {N}etworks",
  volume =	 1,
  number =	 1,
  pages =	 "71--97",
  year =	 1998
}

@misc{ ripeanu-globus,
  author =	 "Matei Ripeanu and Mic Bowman and Jeffrey S. Chase and
                  Ian Foster and Milan Milenkovic",
  title =	 "{G}lobus and {P}lanet{L}ab {R}esource {M}anagement
                  {S}olutions {C}ompared"
}

@misc{ czajkowski02snap,
  author =	 "K. Czajkowski and I. Foster and C. Kesselman and
                  V. Sander and S. Tuecke",
  title =	 "{SNAP}: {A} {P}rotocol for {N}egotiating {S}ervice
                  {L}evel {A}greements and {C}oordinating {R}esource
                  {M}anagement in {D}istributed {S}ystems",
  text =	 "Czajkowski, K., Foster, I., Kesselman, C., Sander, V.,
                  and Tuecke, S., SNAP: A Protocol for Negotiating Service
                  Level Agreements and Coordinating Resource Management in
                  Distributed Systems, 8th Workshop on Job Scheduling
                  Strategies for Parallel Processing, Edinburgh, Scotland,
                  July 2002.",
  year =	 "2002"
}

@inproceedings{gridsim,
  author =	 {Anthony Sulistio and Gokul Poduval and Rajkumar Buyya
                  and Chen-Khong Tham},
  title =	 {Constructing A Grid Simulation with Differentiated
                  Network Service Using GridSim.},
  booktitle =	 {International Conference on Internet Computing},
  year =	 2005,
  pages =	 {437-444},
  bibsource =	 {DBLP, http://dblp.uni-trier.de}
}

@misc{ cgwg,
  key =		 "cgwg",
  title =	 {{C}alana {G}rid {W}orload {G}enerator: 
                  \url{http://developer.berlios.de/projects/cgwg}},
  url =		 {\url{http://developer.berlios.de/projects/cgwg}}
}

@misc{ smc,
  key =		 "smc",
  title =	 {{T}he {S}tate {M}achine {C}ompiler:
                  \url{http://smc.sourceforge.net}},
  url =		 {\url{http://smc.sourceforge.net}}
}

@incollection{ hamscher00evaluationstrategies,
  author =	 {Voker Hamscher, Uwe Schwiegelshohn, Achim Streit and
                  Ramin Yahyapour},
  title =	 "{E}valuation of {J}ob-{S}cheduling {S}trategies for
                  {G}rid {C}omputing",
  booktitle =	 "{G}rid 2000" ,
  publisher =	 "Springer-Verlag: Heidelberg, Germany",
  editor =	 {R. Buyya and M. Baker},
  pages =	 "191--202",
  year =	 2000
}

@misc{ xen,
  key =		 "xen",
  title =	 {{T}he {X}en virtual machine monitor},
  note =	 {\url{http://www.cl.cam.ac.uk/research/srg/netos/xen}}
}

@misc{ ogsa-bes,
  key =		 "ogsa-bes",
  title =	 {{OGSA} {B}asic {E}xecution {S}ervice},
  note =	 {\url{https://forge.gridforum.org/sf/projects/ogsa-bes-wg}}
}

@misc{ virtualization-survey,
  author =	 "Susanta Nanda and Tzi-cker Chiueh",
  title =	 "{A} {S}urvey on {V}irtualization {T}echnologies"
}

@inproceedings{xen-art,
	abstract = {Numerous systems have been designed which use virtualization to subdivide the ample resources of a modern computer. Some require specialized hardware, or cannot support commodity operating systems. Some target 100% binary compatibility at the expense of performance. Others sacrifice security or functionality for speed. Few offer resource isolation or performance guarantees; most provide only best-effort provisioning, risking denial of service.},
	author = {Dragovic, B.  and Fraser, K.  and Hand, S.  and Harris, T.  and Ho, A.  and Pratt, I.  and Warfield, A.  and Barham, P.  and Neugebauer, R. },
	booktitle = {Proceedings of the ACM Symposium on Operating Systems Principles},
	citeulike-article-id = 257229,
	keywords = {os},
	month = {October},
	priority = 0,
	title = {Xen and the Art of Virtualization},
	year = 2003
}

@article{locality-principle,
  author =	 {Peter J. Denning},
  title =	 {The locality principle},
  journal =	 {Commun. ACM},
  volume =	 48,
  number =	 7,
  year =	 2005,
  issn =	 {0001-0782},
  pages =	 {19--24},
  doi =		 {http://doi.acm.org/10.1145/1070838.1070856},
  publisher =	 {ACM Press},
  address =	 {New York, NY, USA},
}

@misc{ rfc2396,
  key =		 "rfc2396",
  title =	 {{RFC} 2396 - {U}niform {R}esource {I}dentifiers {URI}: {G}eneric {S}yntax},
  note =	 {\url{http://www.faqs.org/rfcs/rfc2396.html}}
}

@article{distributed-snapshots,
	author = {Chandy, Mani  M.  and Lamport, Leslie  },
	citeulike-article-id = 3444,
	doi = {10.1145/214451.214456},
	issn = {0734-2071},
	journal = {ACM Trans. Comput. Syst.},
	keywords = {algorithms distribute distributed},
	month = {February},
	number = 1,
	pages = {63--75},
	publisher = {ACM Press},
	title = {Distributed snapshots: determining global states of distributed systems},
	url = {http://portal.acm.org/citation.cfm?id=214456},
	volume = 3,
	year = 1985
}

@Misc{virtualization-overview,
  author =	 {Amit Singh},
  title = 	 {An Introduction to Virtualization},
  howpublished = {\url{http://www.kernelthread.com/publications/virtualization/},
  year = 2007,
  month = 03}}

@inproceedings{Strachey59,
  author =	 {Christopher Strachey},
  title     = {Time sharing in large, fast computers.},
  booktitle = {IFIP Congress},
  year      = 1959,
  pages     = {336-341},
  bibsource = {DBLP, http://dblp.uni-trier.de}
}

@Misc{manchester-history,
  key = 	 {history-university-of-manchester},
  title = 	 {History of the School of Computer Science},
  howpublished = {\url{http://www.cs.manchester.ac.uk/About/history.php}},
  year = 	 {2007},
  month =        {03}
}

@Article{denning81,
  author = 	 {Peter J. Denning},
  title = 	 {Performance Modeling: Experimental Computer Science at its Best},
  journal = 	 {Communications of ACM},
  year = 	 1981,
}

@article{Belady66,
  author =	 {Laszlo A. Belady},
  title     = {A Study of Replacement Algorithms for Virtual-Storage Computer.},
  journal   = {IBM Systems Journal},
  volume    = 5,
  number    = 2,
  year      = 1966,
  pages     = {78-101},
  bibsource = {DBLP, http://dblp.uni-trier.de}
}

@Article{creasy81,
  author = 	 {R.~J.~Creasy},
  title = 	 {{T}he {O}rigin of the {VM}/370 {T}ime-{S}haring {S}ystem},
  journal =	 {IBM Journal of Research and Development},
  year = 	 1981,
  volume = 	 25,
  number = 	 5,
  pages = 	 {483-490},
  month = 	 {September}}

@inproceedings{goldberg73,
  author =	 {R. P. Goldberg},
  title =	 {{A}rchitecture of virtual machines},
  booktitle =	 {Proceedings of the workshop on virtual computer systems},
  year =	 1973,
  pages =	 {74--112},
  location =	 {Cambridge, Massachusetts, United States},
  doi =		 {http://doi.acm.org/10.1145/800122.803950},
  publisher =	 {ACM Press},
  address =	 {New York, NY, USA},
 }

@Misc{robin00analysis,
  author =	 {J. Robin and C. Irvine},
  title =	 {{A}nalysis of the {I}ntel {P}entium's {A}bility to support a
                  {S}ecure {V}irtual {M}achine {M}onitor},
  text =	 {J.S. Robin and C.E. Irvine. Analysis of the Intel
                  Pentium's ability to support a secure virtual machine
                  monitor. In Proceedings of the 9th USENIX Security
                  Symposium, Denver, CO, August 2000.},
  year =         2000,
}

@Article{hendricks79,
  author = 	 {E.~C.~Hendricks and T.~C.~Hartmann},
  title = 	 {{E}volution of a virtual machine subsystem},
  journal = 	 {IBM Syst. J.},
  year = 	 1979,
  volume = 	 18,
  number = 	 1,
  pages = 	 {111-142}}

@article{borden89,
 author = {T. L. Borden and J. P. Hennessy and J. W. Rymarczyk},
 title = {{M}ultiple operating systems on one processor complex},
 journal = {IBM Syst. J.},
 volume = 28,
 number = 1,
 year = 1989,
 issn = {0018-8670},
 pages = {104--123},
 publisher = {IBM Corp.},
 address = {Riverton, NJ, USA},
 }

@article{schroeder72,
 author = {Michael D. Schroeder and Jerome H. Saltzer},
 title = {A hardware architecture for implementing protection rings},
 journal = {Commun. ACM},
 volume = 15,
 number = 3,
 year = 1972,
 issn = {0001-0782},
 pages = {157--170},
 doi = {http://doi.acm.org/10.1145/361268.361275},
 publisher = {ACM Press},
 address = {New York, NY, USA},
 }

@inproceedings{popek75,
 author = {Gerald J. Popek and Charles S. Kline},
 title = {The {PDP}-11 virtual machine architecture: A case study},
 booktitle = {SOSP '75: Proceedings of the fifth ACM symposium on Operating systems principles},
 year = 1975,
 pages = {97--105},
 location = {Austin, Texas, United States},
 doi = {http://doi.acm.org/10.1145/800213.806527},
 publisher = {ACM Press},
 address = {New York, NY, USA},
 }

@InProceedings{buzen73,
  author = 	 {J.~P.~Buzen and U.~O.~Gagliardi},
  title = 	 {The evolution of virtual machine architecture},
  booktitle = {Proceedings of the AFIPS National Computer Conference 1973},
  year = 	 1973,
}

@Misc{church_turing_thesis,
  author =	 {Todd Rowland},
  title =	 {{C}hurch-{T}uring {T}hesis},
  month = 	 {November},
  year = 	 2002,
  howpublished = 	 {\url{http://mathworld.wolfram.com/Church-TuringThesis.html}},
  annote =	 {From MathWorld--A Wolfram Web Resource, created by Eric
                  W. Weisstein.}}

@Misc{wine,
  key = {wine},
  howpublished =	 {\url{http://www.winehq.com} },
  title = 	 {Wine --- {W}ine {I}s {N}ot an {E}mulator},
  month =	 03,
  year = 	 2007}

@Misc{vmware,
  key = {vmware},
  howpublished =	 {\url{http://www.vmware.com} },
  title = 	 {VMWare, Inc. homepage},
  month =	 03,
  year = 	 2007}

@Misc{bochs,
  key = {bochs},
  howpublished = {\url{http://bochs.sourceforge.net/} },
  title = 	 {bochs --- think inside the bochs},
  month =	 03,
  year = 	 2007}

@Misc{qemu,
  key = {qemu},
  howpublished =	 {\url{http://www.qemu.org/} },
  title = 	 {{QEMU} --- open source processor emulator},
  month =	 03,
  year = 	 2007}

@Misc{java,
  key = {java},
  howpublished =	 {\url{http://java.sun.com/} },
  title = 	 {{JVM} --- {T}he {J}ava {V}irtual {M}achine},
  month =	 03,
  year = 	 2007}

@TechReport{denali,
  author = 	 {Andrew Whitaker and Marianne Shaw and Steven D.~Gribble},
  title = 	 {{D}enali: {L}ightweight {V}irtual {M}achines for {D}istributed and {N}etworked {A}pplications},
  institution =  {University of Washington},
  year = 	 2001,
  month = 	 02}

@article{popek74,
 author = {Gerald J. Popek and Robert P. Goldberg},
 title = {Formal requirements for virtualizable third generation architectures},
 journal = {Commun. ACM},
 volume = 17,
 number = 7,
 year = 1974,
 issn = {0001-0782},
 pages = {412--421},
 doi = {http://doi.acm.org/10.1145/361011.361073},
 publisher = {ACM Press},
 address = {New York, NY, USA},
}

@Misc{blast,
  key = {blast},
  howpublished =	 {\url{http://www.ncbi.nlm.nih.gov/Education/BLASTinfo/information3.html} },
  title = 	 {{BLAST} --- {B}asic {L}ocal {A}lignment {S}earch {T}ool},
  month =	 03,
  year = 	 2007}

@Misc{jsdl-spec,
  author = 	 {{G}lobal {G}rid {F}orum},
  title = 	 {{J}ob {S}ubmission {D}escription {L}anguage ({JSDL}) {S}pecification 1.0},
  month = 	 {November},
  year = 	 2005,
  howpublished = 	 {\url{www.gridforum.org/documents/GFD.56.pdf}}}

@Misc{posix,
  key = {posix},
  howpublished = {\url{http://www.posix.com/posix.html}},
  title = 	 {{POSIX} --- {P}ortable {O}perating {S}ystem {I}nterface},
  year  =        2007,
  month =	 03}

@Misc{ogsa,
  key = {ogsa},
  howpublished =	 {\url{http://www.globus.org/ogsa/}},
  title = 	 {{OGSA} --- {O}pen {G}rid {S}ervices {A}rchitecture},
  year =	 2007,
  month =	 03}

@Misc{amazon-ec2,
  key = {ec2},
  howpublished =	 {\url{http://www.amazon.com/gp/browse.html?node=201590011}},
  title = 	 {Amazon {EC2} --- {A}mazon {E}lastic {C}ompute {C}loud},
  year  =        2007,
  month =	 03}

@TechReport{kotsovinos05,
  author = 	 {Evangelos Kotsovinos},
  title = 	 {Global public computing},
  institution =  {University Of Cambridge},
  year = 	 2005,
  number = 	 {UCAM-CL-TR-615},
  month = 	 {January},
  howpublished = 	 {\url{www.xenoservers.net}}}

@Misc{openssh,
  key = {openssh},
  title = 	 {{O}pen{SSH} --- keeping your communiqu\'{e}s secret},
  month = 	 03,
  year = 	 2007,
  howpublished = 	 {\url{http://www.openssh.com}}}

@Misc{xml,
  key = {xml},
  title = 	 {{E}xtensible {M}arkup {L}anguage},
  month = 	 03,
  year = 	 2007,
  howpublished = 	 {\url{http://www.w3.org/XML/}}}

@Misc{dad-mom,
  author = {Martin Erzberger and Marcel Altherr},
  title = { {E}very {DAD} needs a {MOM} ({M}essage-oriented {M}iddleware) },
  year = 1999,
  howpublished = {\url{www.softwired.ch/pdf/technology/momdad-final.pdf}}}

@Article{MeCa:2005:Taxonomy,
  author =       "Ren{\'e} Meyer and V. Cahill",
  title =        "Taxonomy of Distributed Event-Based Programming Systems",
  journal =      "The Computer Journal",
  year =         2005,
  volume =       48,
  pages =        "602--626",
  topic =        "Surveys",
  modified =     1173962602
}

@techreport{rivest77method,
    author = {R. L. Rivest and A. Shamir and L. M. Adelman},
    title = {A {Method} {for} {Obtaining} {Digital} {Signatures} {and} {Public}-{Key} {Cryptosystems}},
    number = {MIT/LCS/TM-82},
    institution = MIT,
    pages = 15,
    year = 1977
}

@article{ diffie76new,
    author = "Whitfield Diffie and Martin E. Hellman",
    title = "New Directions in Cryptography",
    journal = "IEEE Transactions on Information Theory",
    volume = "IT-22",
    number = 6,
    pages = "644--654",
    date = "November 1976",
    year = 1976
}
