@inproceedings{ feitelson98utilization,
  author =	 {Dror G. Feitelson and Ahuva Mu'alem Weil},
  title =	 {{U}tilization and {P}redictability in {S}cheduling the
                  {IBM} {SP2} with {B}ackfilling},
  booktitle =	 {12th Intl. Parallel Processing Symp.},
  pages =	 {542--546},
  year =	 1998
}

@misc{ feitelson-parallel,
  author =	 {Dror G. Feitelson and Larry Rudolph and et al.},
  title =	 "{P}arallel {J}ob {S}cheduling - {A} {S}tatus {R}eport"
}

@incollection{ feitelson97theory,
  author =	 {Dror G. Feitelson and Larry Rudolph and Uwe
                  Schwiegelshohn and Kenneth C. Sevcik and Parkson Wong},
  title =	 {{T}heory and {P}ractice in {P}arallel {J}ob
                  {S}cheduling},
  booktitle =	 "Job Scheduling Strategies for Parallel Processing",
  publisher =	 "Springer Verlag",
  editor =	 "Dror G. Feitelson and Larry Rudolph",
  pages =	 "1--34",
  year =	 1997
}

@Book{book/Foster99,
  editor =	 {Ian Foster and Carl Kesselman},
  title =	 {The Grid: Blueprint for a New Computing Infrastructure},
  publisher =	 {Morgan Kaufmann},
  year =	 1999
}

@InProceedings{conf/ccgrid/Foster01a,
  title =	 {{T}he {A}natomy of the {G}rid: {E}nabling {S}calable
                  {V}irtual {O}rganizations},
  author =	 {Ian Foster and Carl Kesselman and Steve Tuecke},
  publisher =	 "IEEE Computer Society",
  year =	 2001,
  bibdate =	 "2004-05-26",
  bibsource =	 "DBLP, http://dblp.uni-trier.de/db/conf/ccgrid/ccgrid2001.html#Foster01a",
  booktitle =	 "CCGRID",
  crossref =	 "conf/ccgrid/2001",
  pages =	 "6--7",
  url =          {\url{http://csdl.computer.org/comp/proceedings/ccgrid/2001/1010/00/10100006.pdf}}
}

@article{10.1109/CCGRID.2001.923174,
  author =	 {Stefaan Vanhastel and Filip de Turck and Piet Demeester},
  title =	 {{D}esign of a {G}eneric {P}latform for {E}fficient and
                  {S}calable {C}luster {C}omputing based on {M}iddleware
                  {T}echnology},
  journal =	 {ccgrid},
  volume =	 00,
  year =	 2001,
  isbn =	 {0-7695-1010-8},
  pages =	 40,
  doi =
                  {http://doi.ieeecomputersociety.org/10.1109/CCGRID.2001.923174},
  publisher =	 {IEEE Computer Society},
  address =	 {Los Alamitos, CA, USA},
}

@proceedings{conf/ccgrid/2001,
  title =	 {{F}irst {IEEE} {I}nternational {S}ymposium on {C}luster
                  {C}omputing and the {G}rid ({CCGrid} 2001), {M}ay 15-18,
                  2001, {B}risbane, {A}ustralia},
  booktitle =	 {CCGRID},
  publisher =	 {IEEE Computer Society},
  year =	 2001,
  bibsource =	 {DBLP, http://dblp.uni-trier.de}
}

@misc{ dalheimer05agentbased,
  author =	 {M. Dalheimer and F. Pfreund and P. Merz},
  title =	 {{A}gent-based {G}rid {S}cheduling with {C}alana},
  text =	 {M. Dalheimer, F. Pfreund and P. Merz. Agent-based grid
                  scheduling with calana. In Proceedings of the Second
                  Grid Resource Management Workshop (GRMW 2005), Poznan,
                  Poland, (2005).},
  year =	 2005
}

@unpublished{dalheimer06calanaprotocol,
  author =	 {M. Dalheimer},
  title =	 {{C}alana {P}rotocol {D}efinition},
  note = {{W}orking {P}aper},
  year =	 2006
}



@Misc{petry06,
  author = 	 {Alexander Petry},
  title = 	 {{E}ventbasierte {S}imulation von {M}iddleware {P}lattformen},
  year = 	 2006,
  note = 	 {Projektarbeit (german)}
}

@misc{gradwell-agents,
  author =	 {Peter Gradwell},
  title =	 {{G}rid {S}cheduling with {A}gents},
  url =		 {http://peter.gradwell.com},
  year =	 2003
}

@article{10.1109/IPDPS.2000.845974,
  author =	 {Warren Smith and Ian Foster and Valerie Taylor},
  title =	 {{S}cheduling with {A}dvanced {R}eservations},
  journal =	 {ipdps},
  volume =	 00,
  year =	 2000,
  issn =	 {1530-2075},
  pages =	 127,
  doi =
                  {http://doi.ieeecomputersociety.org/10.1109/IPDPS.2000.845974},
  publisher =	 {IEEE Computer Society},
  address =	 {Los Alamitos, CA, USA}
}

@inproceedings{ zotkin99joblength,
  author =	 {Dmitry Zotkin and Peter J. Keleher},
  title =	 "{J}ob-{L}ength {E}stimation and {P}erformance in
                  {B}ackfilling {S}chedulers",
  booktitle =	 "{HPDC}",
  year =	 1999
}

@misc{ mu'alem01utilization,
  author =	 {A. Mu'alem and D. Feitelson},
  title =	 "{U}tilization, predictability, workloads, and user
                  runtime estimates in scheduling the {IBM} {SP2} with
                  backfilling",
  text =	 "A. W. Mu'alem and D. G. Feitelson, Utilization,
                  predictability, workloads, and user runtime estimates in
                  scheduling the IBM SP2 with backfilling . IEEE
                  Trans. Parallel & Distributed Syst. 12(6), Jun 2001.",
  year =	 2001
}

@article{ ward02job,
  author =	 {William A. Ward Jr. and Carrie L. Mahood and John
                  E. West},
  title =	 {{S}cheduling {J}obs on {P}arallel {S}ystems {U}sing a
                  {R}elaxed {B}ackfill {S}trategy},
  journal =	 "Lecture Notes in Computer Science",
  volume =	 2537,
  pages =	 "88-102",
  year =	 2002
}


@misc{ jobs-backfilling,
  author =	 "Dror G. Feitelson and Edi Shmueli",
  title =	 "{B}ackfilling with {L}ookahead to {O}ptimize the
                  {P}acking"
}

@misc{ srinivasan02selective,
  author =	 "S. Srinivasan and R. Kettimuthu and V. Subramani and
                  P. Sadayappan",
  title =	 "{S}elective reservation strategies for backfill job
                  scheduling",
  text =	 "S. Srinivasan, R. Kettimuthu, V. Subramani, and
                  P. Sadayappan, Selective reservation strategies for
                  backfill job scheduling . In Job Scheduling Strategies
                  for Parallel Processing, pp. 55--71, SpringerVerlag,
                  2002. Lect. Notes Comput. Sci. vol. 2537.",
  year =	 2002
}

@misc{ srinivasan02characterization,
  author =	 "S. Srinivasan and R. Kettimuthu and V. Subramani and
                  P. Sadayappan",
  title =	 "{C}haracterization of {B}ackfilling {S}trategies for
                  {P}arallel {J}ob {S}cheduling",
  year =	 2002
}

@article{ jackson01core,
  author =	 "David Jackson and Quinn Snell and Mark Clement",
  title =	 "{C}ore {A}lgorithms of the {M}aui {S}cheduler",
  journal =	 "Lecture Notes in Computer Science",
  volume =	 2221,
  pages =	 "87--??",
  year =	 2001
}

@misc{ ernemann02economic,
  author =	 "C. Ernemann and V. Hamscher and R. Yahyapour",
  title =	 "{E}conomic {S}cheduling in {G}rid {C}omputing",
  text =	 "C. Ernemann, V. Hamscher, and R. Yahyapour. Economic
                  Scheduling in Grid Computing. In Job Scheduling
                  Strategies for Parallel Processing, Edinburgh, Scotland,
                  July 2002. Springer. LNCS 2537.",
  year =	 2002
}
    
@misc{ grid/a4,
  key =		 "A4",
  title =	 {{A}gile {A}rchitecture and {A}utonomous {A}gents ({A}4)
                  ({URL}:
                  \url{http://www.dcs.warwick.ac.uk/research/hpsg/A4/A4.html})},
  text =	 "{A}gile {A}rchitecture and {A}utonomous {A}gents (A4),
                  URL:
                  \url{http://www.dcs.warwick.ac.uk/research/hpsg/A4/A4.html}"
}

@misc{ grid/agentscape,
  key =		 "agentscape",
  title =	 {{A}gent{S}cape {O}perating {S}ystem: {K}ernel and
                  {S}ystem {S}ervices ({URL}:
                  \url{http://www.iids.org/research/aos})},
  url =		 {\url{http://www.iids.org/research/aos}}
}

@book{ast-modernos,
  author =	 {Andrew S. Tanenbaum},
  title =	 {{M}odern {O}perating {S}ystems},
  year =	 2001,
  isbn =	 0130313580,
  publisher =	 {Prentice Hall PTR},
  address =	 {Upper Saddle River, NJ, USA}
}

@misc{ cluster/beowulf,
  key =		 "beowulf",
  title =	 {{B}eowulf {P}roject: \url{http://www.beowulf.org}},
  url =		 {\url{http://www.beowulf.org}}
}

@misc{ the-agent-paradigm,
  author =	 {Jozef Kelemen},
  title =	 {{T}he {A}gent {P}aradigm},
  year =	 2003
}

@incollection{ jennings98applications,
  author =	 "Nicholas R. Jennings and Michael J. Wooldridge",
  title =	 "{A}pplications of {I}ntelligent {A}gents",
  booktitle =	 "Agent Technology: Foundations, Applications, and
                  Markets",
  publisher =	 "Springer-Verlag: Heidelberg, Germany",
  editor =	 "Nicholas R. Jennings and Michael J. Wooldridge",
  pages =	 "3--28",
  year =	 1998
}

@inproceedings{ franklin96is,
  author =	 "S. Franklin and A. Graesser",
  title =	 "{{I}s it an {A}gent, or just a {P}rogram?: {A}
                  {T}axonomy for {A}utonomous {A}gents}",
  booktitle =	 "{I}ntelligent {A}gents {III}. {A}gent {T}heories,
                  {A}rchitectures and {L}anguages ({ATAL}'96)",
  volume =	 1193,
  publisher =	 "Springer-Verlag",
  address =	 "Berlin, Germany",
  year =	 1996
}

@article{ wooldridge98agentbased,
  author =	 "M. Wooldridge",
  title =	 "{{A}gent-based {C}omputing}",
  journal =	 "{I}nteroperable {C}ommunication {N}etworks",
  volume =	 1,
  number =	 1,
  pages =	 "71--97",
  year =	 1998
}

@misc{ ripeanu-globus,
  author =	 "Matei Ripeanu and Mic Bowman and Jeffrey S. Chase and
                  Ian Foster and Milan Milenkovic",
  title =	 "{G}lobus and {P}lanet{L}ab {R}esource {M}anagement
                  {S}olutions {C}ompared"
}

@misc{ czajkowski02snap,
  author =	 "K. Czajkowski and I. Foster and C. Kesselman and
                  V. Sander and S. Tuecke",
  title =	 "{SNAP}: {A} {P}rotocol for {N}egotiating {S}ervice
                  {L}evel {A}greements and {C}oordinating {R}esource
                  {M}anagement in {D}istributed {S}ystems",
  text =	 "Czajkowski, K., Foster, I., Kesselman, C., Sander, V.,
                  and Tuecke, S., SNAP: A Protocol for Negotiating Service
                  Level Agreements and Coordinating Resource Management in
                  Distributed Systems, 8th Workshop on Job Scheduling
                  Strategies for Parallel Processing, Edinburgh, Scotland,
                  July 2002.",
  year =	 "2002"
}

@inproceedings{gridsim,
  author =	 {Anthony Sulistio and Gokul Poduval and Rajkumar Buyya
                  and Chen-Khong Tham},
  title =	 {Constructing A Grid Simulation with Differentiated
                  Network Service Using GridSim.},
  booktitle =	 {International Conference on Internet Computing},
  year =	 2005,
  pages =	 {437-444},
  bibsource =	 {DBLP, http://dblp.uni-trier.de}
}

@misc{ cgwg,
  key =		 "cgwg",
  title =	 {{C}alana {G}rid {W}orload {G}enerator: 
                  \url{http://developer.berlios.de/projects/cgwg}},
  url =		 {\url{http://developer.berlios.de/projects/cgwg}}
}

@misc{ smc,
  key =		 "smc",
  title =	 {{T}he {S}tate {M}achine {C}ompiler:
                  \url{http://smc.sourceforge.net}},
  url =		 {\url{http://smc.sourceforge.net}}
}

@incollection{ hamscher00evaluationstrategies,
  author =	 {Voker Hamscher, Uwe Schwiegelshohn, Achim Streit and
                  Ramin Yahyapour},
  title =	 "{E}valuation of {J}ob-{S}cheduling {S}trategies for
                  {G}rid {C}omputing",
  booktitle =	 "{G}rid 2000" ,
  publisher =	 "Springer-Verlag: Heidelberg, Germany",
  editor =	 {R. Buyya and M. Baker},
  pages =	 "191--202",
  year =	 2000
}

@misc{ virtualization-survey,
  author =	 "Susanta Nanda and Tzi-cker Chiueh",
  title =	 "{A} {S}urvey on {V}irtualization {T}echnologies"
}

@inproceedings{xen-art,
	abstract = {Numerous systems have been designed which use virtualization to subdivide the ample resources of a modern computer. Some require specialized hardware, or cannot support commodity operating systems. Some target 100% binary compatibility at the expense of performance. Others sacrifice security or functionality for speed. Few offer resource isolation or performance guarantees; most provide only best-effort provisioning, risking denial of service.},
	author = {Dragovic, B.  and Fraser, K.  and Hand, S.  and Harris, T.  and Ho, A.  and Pratt, I.  and Warfield, A.  and Barham, P.  and Neugebauer, R. },
	booktitle = {Proceedings of the ACM Symposium on Operating Systems Principles},
	citeulike-article-id = 257229,
	keywords = {os},
	month = {October},
	priority = 0,
	title = {Xen and the Art of Virtualization},
	year = 2003
}

@article{locality-principle,
  author =	 {Peter J. Denning},
  title =	 {The locality principle},
  journal =	 {Commun. ACM},
  volume =	 48,
  number =	 7,
  year =	 2005,
  issn =	 {0001-0782},
  pages =	 {19--24},
  publisher =	 {ACM Press},
  address =	 {New York, NY, USA},
}

@article{distributed-snapshots,
  author =	 {Chandy, Mani M.  and Lamport, Leslie },
  citeulike-article-id =3444,
  issn =	 {0734-2071},
  journal =	 {ACM Trans. Comput. Syst.},
  keywords =	 {algorithms distribute distributed},
  month =	 {February},
  number =	 1,
  pages =	 {63--75},
  publisher =	 {ACM Press},
  title =	 {Distributed snapshots: determining global states of
                  distributed systems},
  url =		 {http://portal.acm.org/citation.cfm?id=214456},
  volume =	 3,
  year =	 1985
}

@inproceedings{Strachey59,
  author =	 {Christopher Strachey},
  title     = {Time sharing in large, fast computers.},
  booktitle = {IFIP Congress},
  year      = 1959,
  pages     = {336-341},
  bibsource = {DBLP, http://dblp.uni-trier.de}
}

@article{mccarthy92,
  author =	 {John McCarthy},
  title =	 "{Reminiscences on the History of Time-Sharing}",
  journal =	 {IEEE Ann. Hist. Comput.},
  volume =	 {14},
  number =	 {1},
  year =	 {1992},
  issn =	 {1058-6180},
  pages =	 {19--24},
  publisher =	 {IEEE Educational Activities Department},
  address =	 {Piscataway, NJ, USA},
 }

@Article{denning81,
  author = 	 {Peter J. Denning},
  title = 	 {Performance Modeling: Experimental Computer Science at its Best},
  journal = 	 {Communications of ACM},
  year = 	 1981,
}

@article{Belady66,
  author =	 {Laszlo A. Belady},
  title     = {A Study of Replacement Algorithms for Virtual-Storage Computer.},
  journal   = {IBM Systems Journal},
  volume    = 5,
  number    = 2,
  year      = 1966,
  pages     = {78-101},
  bibsource = {DBLP, http://dblp.uni-trier.de}
}

@Article{creasy81,
  author = 	 {R.~J.~Creasy},
  title = 	 {{T}he {O}rigin of the {VM}/370 {T}ime-{S}haring {S}ystem},
  journal =	 {IBM Journal of Research and Development},
  year = 	 1981,
  volume = 	 25,
  number = 	 5,
  pages = 	 {483-490},
  month = 	 {September}}

@inproceedings{goldberg73,
  author =	 {R. P. Goldberg},
  title =	 {{A}rchitecture of virtual machines},
  booktitle =	 {Proceedings of the workshop on virtual computer systems},
  year =	 1973,
  pages =	 {74--112},
  location =	 {Cambridge, Massachusetts, United States},
  publisher =	 {ACM Press},
  address =	 {New York, NY, USA},
 }

@Misc{robin00analysis,
  author =	 {J. Robin and C. Irvine},
  title =	 {{A}nalysis of the {I}ntel {P}entium's {A}bility to support a
                  {S}ecure {V}irtual {M}achine {M}onitor},
  text =	 {J.S. Robin and C.E. Irvine. Analysis of the Intel
                  Pentium's ability to support a secure virtual machine
                  monitor. In Proceedings of the 9th USENIX Security
                  Symposium, Denver, CO, August 2000.},
  year =         2000,
}

@article{lavington93,
  author =	 {Simon H. Lavington},
  title =	 {Manchester Computer Architectures, 1948-1975},
  journal =	 {IEEE Ann. Hist. Comput.},
  volume =	 15,
  number =	 3,
  year =	 1993,
  issn =	 {1058-6180},
  pages =	 {44--54},
  publisher =	 {IEEE Educational Activities Department},
  address =	 {Piscataway, NJ, USA},
}

@article{atlas-supervisor,
  author =	 {Tom Kilburn and R. Bruce Payne and David J. Howarth},
  title =	 "{The Atlas supervisor}",
  book =	 {Classic operating systems: from batch processing to
                  distributed systems},
  year =	 {2000},
  isbn =	 {0-387-95113-X},
  pages =	 {49--77},
  publisher =	 {Springer-Verlag New York, Inc.},
  address =	 {New York, NY, USA},
}

@article{Kilburn61,
  author =	 {Kilburn, T. and Howarth, D. J. and Payne, R. B. and
                  Sumner, F. H.},
  title =	 {{The Manchester University Atlas Operating System Part
                  I: Internal Organization}},
  journal =	 {The Computer Journal},
  volume =	 {4},
  number =	 {3},
  pages =	 {222-225},
  doi =		 {10.1093/comjnl/4.3.222},
  year =	 {1961},
  abstract =	 {The organization of input and output on the Atlas is
                  described. This is controlled by the supervisor program,
                  and uses varying amounts of core and drum store,
                  supplemented where necessary by magnetic tapes, to
                  obtain, when possible, the maximum overlap between
                  input, computing and output. The system will be used on
                  the Manchester University Atlas, but is suitable for any
                  Ferranti Atlas Installation.  },
  URL =
                  {http://comjnl.oxfordjournals.org/cgi/content/abstract/4/3/222},
  eprint =
                  {http://comjnl.oxfordjournals.org/cgi/reprint/4/3/222.pdf}
}

@Article{hendricks79,
  author = 	 {E.~C.~Hendricks and T.~C.~Hartmann},
  title = 	 {{E}volution of a virtual machine subsystem},
  journal = 	 {IBM Syst. J.},
  year = 	 1979,
  volume = 	 18,
  number = 	 1,
  pages = 	 {111-142}}

@article{borden89,
 author = {T. L. Borden and J. P. Hennessy and J. W. Rymarczyk},
 title = {{M}ultiple operating systems on one processor complex},
 journal = {IBM Syst. J.},
 volume = 28,
 number = 1,
 year = 1989,
 issn = {0018-8670},
 pages = {104--123},
 publisher = {IBM Corp.},
 address = {Riverton, NJ, USA},
 }

@article{schroeder72,
 author = {Michael D. Schroeder and Jerome H. Saltzer},
 title = {A hardware architecture for implementing protection rings},
 journal = {Commun. ACM},
 volume = 15,
 number = 3,
 year = 1972,
 issn = {0001-0782},
 pages = {157--170},
 publisher = {ACM Press},
 address = {New York, NY, USA},
 }

@inproceedings{popek75,
 author = {Gerald J. Popek and Charles S. Kline},
 title = {The {PDP}-11 virtual machine architecture: A case study},
 booktitle = {SOSP '75: Proceedings of the fifth ACM symposium on Operating systems principles},
 year = 1975,
 pages = {97--105},
 location = {Austin, Texas, United States},
 publisher = {ACM Press},
 address = {New York, NY, USA},
 }

@InProceedings{buzen73,
  author = 	 {J.~P.~Buzen and U.~O.~Gagliardi},
  title = 	 {The evolution of virtual machine architecture},
  booktitle = {Proceedings of the AFIPS National Computer Conference 1973},
  year = 	 1973,
}

@Article{turing36,
  author = 	 {A.~M.~Turing},
  title = 	 "{On Computable Numbers, with an Application to the Entscheidungsproblem}",
  journal =	 {Proceedings of the London Mathematical Society},
  series = {2},
  volume = {42},
  year = 	 1936,
  pages = 	 {230--265}}

@Article{church36,
  author = 	 {A.~Church},
  title = 	 "{An Unsolvable Problem Of Elementary Number Theory}",
  journal =	 {American Journal of Mathematics},
  number = 2,
  volume = 58,
  year = 	 1936,
  month  =       April,
  pages = 	 {345--363}}

@TechReport{denali,
  author = 	 {Andrew Whitaker and Marianne Shaw and Steven D.~Gribble},
  title = 	 {{D}enali: {L}ightweight {V}irtual {M}achines for {D}istributed and {N}etworked {A}pplications},
  institution =  {University of Washington},
  year = 	 2001,
  month = 	 02}

@article{popek74,
  author =	 {Gerald J. Popek and Robert P. Goldberg},
  title =	 {Formal requirements for virtualizable third generation
                  architectures},
  journal =	 {Commun. ACM},
  volume =	 17,
  number =	 7,
  year =	 1974,
  issn =	 {0001-0782},
  pages =	 {412--421},
  publisher =	 {ACM Press},
  address =	 {New York, NY, USA},
}
@TechReport{kotsovinos05,
  author = 	 {Evangelos Kotsovinos},
  title = 	 {Global public computing},
  institution =  {University Of Cambridge},
  year = 	 2005,
  number = 	 {UCAM-CL-TR-615},
  month = 	 {January},
  url = 	 {http://www.xenoservers.net}}

@Misc{dad-mom,
  author = {Martin Erzberger and Marcel Altherr},
  title =	 {{E}very {DAD} needs a {MOM} ({M}essage-oriented
                  {M}iddleware) },
  year = 1999,
  url = {www.softwired.ch/pdf/technology/momdad-final.pdf}}

@Article{MeCa:2005:Taxonomy,
  author =       "Ren{\'e} Meyer and V. Cahill",
  title =        "Taxonomy of Distributed Event-Based Programming Systems",
  journal =      "The Computer Journal",
  year =         2005,
  volume =       48,
  pages =        "602--626",
  topic =        "Surveys",
  modified =     1173962602
}

@techreport{rivest77method,
    author = {R. L. Rivest and A. Shamir and L. M. Adelman},
    title = {A {Method} {for} {Obtaining} {Digital} {Signatures} {and} {Public}-{Key} {Cryptosystems}},
    number = {MIT/LCS/TM-82},
    institution = MIT,
    pages = 15,
    year = 1977
}

@article{ diffie76new,
    author = "Whitfield Diffie and Martin E. Hellman",
    title = "New Directions in Cryptography",
    journal = "IEEE Transactions on Information Theory",
    volume = "IT-22",
    number = 6,
    pages = "644--654",
    date = "November 1976",
    year = 1976
}

@book{Gamma95,
  author =	 {Gamma, Erich and Helm, Richard and Johnson, Ralph and
                  Vlissides, John },
  citeulike-article-id = 430671,
  keywords =	 {semwiki},
  priority =	 0,
  publisher =	 {Addison-Wesley Professional},
  title =	 {{Design} {Patterns}: {Elements} of {Reusable}
                  {Object}-{Oriented} {Software}},
  year =	 1995
}

@book{schneier95,
   author = {Bruce Schneier},
   title = {Applied Cryptography, Second Edition},
   keywords = {cryptography},
   publisher = {John Wiley \& Sons},
   year = 1996
}


%%
%% Web sites
%%

@misc{ xen,
  author =	 {Xen},
  title =	 {{X}en virtual machine monitor},
  note =	 {{D}ate of last visit: \formatdate{19}{2}{2007}},
  editor =       "{University of Cambridge, Computer Laboratory}",
  url =	         {http://www.cl.cam.ac.uk/research/srg/netos/xen/},
}

@misc{ogsa-bes,
  author =	{OGSA-BES},
  title =	{{OGSA} {B}asic {E}xecution {S}ervice working group},
  note =	{{Date} of last visit: \formatdate{5}{3}{2007}},
  editor = {OGSA BES working group},  
  url = {https://forge.gridforum.org/sf/projects/ogsa-bes-wg/},
}

@misc{ rfc2396,
  author =	 {RFC2396},
  title =	 {{U}niform {R}esource {I}dentifiers {(URI)}: {G}eneric
                  {S}yntax},
  editor =	 {Network Working Group},
  note =	 {{Date} of last visit: \formatdate{15}{2}{2007}},
  url =		 {http://www.faqs.org/rfcs/rfc2396.html}
}

@misc{ rfc2246,
  author =	 {RFC2246},
  title =	 "{The TLS Protocol Version $1.0$}",
  editor =	 {Network Working Group},
  note =	 {{Date} of last visit: \formatdate{15}{2}{2007}},
  url =		 {http://www.faqs.org/rfcs/rfc2246.html}
}

@misc{ rfc4346,
  author =	 {RFC4346},
  title =	 "{The TLS Protocol Version $1.1$}",
  editor =	 {Network Working Group},
  note =	 {{Date} of last visit: \formatdate{15}{2}{2007}},
  url =		 {http://www.faqs.org/rfcs/rfc4346.html}
}

@misc{ rfc2459,
  author =	 {RFC2459},
  title =	 "{Internet X.509 Public Key Infrastructure}",
  editor =	 {Network Working Group},
  note =	 {{Date} of last visit: \formatdate{15}{2}{2007}},
  url =		 {http://www.faqs.org/rfcs/rfc2459.html}
}

@Misc{virtualization-overview,
  author =	 {Amit Singh},
  title = 	 {An Introduction to Virtualization},
  note = {{Date} of last visit: \formatdate{20}{4}{2007}},
  editor = {Amit Singh},
  url = {http://www.kernelthread.com/publications/virtualization/},
}

@Misc{manchester-history,
  key = 	 {history-university-of-manchester},
  title = 	 {History of the School of Computer Science},
  url = {http://www.cs.manchester.ac.uk/About/history.php},
  note = {{Date} of last visit: \formatdate{14}{2}{2007}},
}

@Misc{church_turing_thesis,
  author =	 {Todd Rowland},
  title =	 "{Church-Turing Thesis -- from Wolfram MathWorld}",
  month = 	 {November},
  year = 	 2002,
  note =         {{Date} of last visit: \formatdate{20}{4}{2007}},
  url = 	 {http://mathworld.wolfram.com/Church-TuringThesis.html},
  annote =	 {From MathWorld--A Wolfram Web Resource, created by Eric
                  W. Weisstein.}}

@Misc{wine,
  author       = {Wine},
  url =          {http://www.winehq.com/},
  title =	 "{Wine HQ}",
  note =         {{Date} of last visit: \formatdate{10}{2}{2007}},
}

@Misc{vmware,
  author =	 {VMWare},
  title = 	 "{Virtualization, Virtual Machine \& Virutal Server Consolidation}",
  editor =       {VMWare Inc.},
  url =          {http://www.vmware.com/},
  note =         {{Date} of last visit: \formatdate{10}{2}{2007}},
}

@Misc{bochs,
  author =       {bochs},
  title = 	 "{The Open Source IA-32 Emulation Project (Home Page)}",
  url = {http://bochs.sourceforge.net/},
  editor = {Timothy R. Butler},
  note =         {{Date} of last visit: \formatdate{14}{2}{2007}},
}

@Misc{qemu,
  author = {QEMU},
  title = 	 "{Open Source Processor Emulator}",
  url =	 {http://www.qemu.org/},
  editor = {Fabrice Bellard},
  note =         {{Date} of last visit: \formatdate{14}{2}{2007}},
}

@Misc{java,
  author = {JVM},
  url =	 {http://java.sun.com/javase/technologies/},
  title = 	 "{Java SE Technologies at a Glance}",
  editor = {Sun Microsystems, Inc.},
  note =         {{Date} of last visit: \formatdate{14}{2}{2007}},
}

@Misc{blast,
  author = {BLAST},
  title = 	 "{Information}",
  url =	 {http://www.ncbi.nlm.nih.gov/Education/BLASTinfo/information3.html},
  editor = {National Center for Biotechnology Information},
  note =         {{Date} of last visit: \formatdate{10}{3}{2007}},
}

@Misc{jsdl-spec,
  author = 	 {JSDL},
  title = 	 {{J}ob {S}ubmission {D}escription {L}anguage ({JSDL}) {S}pecification $1.0$},
  month = 	 {November},
  year = 	 2005,
  editor =       {Global Grid Forum},
  url = 	 {www.gridforum.org/documents/GFD.56.pdf},
  note =         {{Date} of last visit: \formatdate{15}{11}{2006}},
}

@Misc{posix,
  author = {POSIX},
  url = {http://www.pasc.org/plato/},
  title = 	 "{PASC Collaborative Work Area}",
  editor = {The Open Group},
  note =         {{Date} of last visit: \formatdate{10}{2}{2007}},
}

@Misc{ogsa,
  author = {OGSA},
  title = 	 "{Globus: OGSA - The Open Grid Services Architecture}",
  url =	 {http://www.globus.org/ogsa/},
  editor = {The Globus Alliance},
  note =         {{Date} of last visit: \formatdate{15}{3}{2007}},
}

@Misc{amazon-ec2,
  author = {Amazon {EC2}},
  title = 	 "{Amazon Elastic Compute Cloud, Virtual Grid Computing: Amazon Web Services}",
  url =	 {http://www.amazon.com/gp/browse.html?node=201590011},
  editor = {Amazon.com, Inc.},
  note =         {{Date} of last visit: \formatdate{20}{4}{2007}},
}

@Misc{openssh,
  author = {OpenSSH},
  title = 	 "{Keeping your communiqu\'{e}s secret}",
  url = 	{http://www.openssh.com},
  editor = {OpenBSD Project},
  note =         {{Date} of last visit: \formatdate{15}{3}{2007}},
}

@Misc{xml,
  author = {XML},
  title = 	 "{Extensible Markup Language (XML)}",
  url =		 {http://www.w3.org/XML/},
  editor = {W3C},
  note =         {{Date} of last visit: \formatdate{15}{3}{2007}},
}

@Misc{canonical-xml,
  author   = {Canonical XML},
  title = 	 {{Canonical} {XML}},
  url = 	 {http://www.w3.org/TR/xml-c14n},
  editor = {W3C},
  note =         {{Date} of last visit: \formatdate{15}{3}{2007}},
}

@Misc{globus,
  author = {Globus},
  title = 	 {{T}he {G}lobus {A}lliance},
  url = 	 {http://www.globus.org/},
  editor = {The Globus Alliance},
  note =         {{Date} of last visit: \formatdate{15}{3}{2007}},
}

@Misc{oasis-wss,
  author = {WSS},
  title = 	 "{OASIS Web Service Security (WSS) TC}",
  url = 	 {http://www.oasis-open.org/committees/tc_home.php?wg_abbrev=wss},
  editor = {OASIS Web Services Security (WSS) TC},
  note =         {{Date} of last visit: \formatdate{22}{4}{2007}},
}

@Misc{mls,
  author = {MLS},
  title = 	 "{Chapter 3: Implementing Transport and Message Layer Security}",
  url = 	 {http://msdn2.microsoft.com/en-us/library/aa480582.aspx},
  editor = {Microsoft Corporation},
  note =         {{Date} of last visit: \formatdate{22}{4}{2007}},
}


@Misc{condor,
  author = {Condor},
  title = 	 "{Condor Project Homepage}",
  url = 	 {http://www.cs.wisc.edu/condor/},
  editor = {Condor Project},
  note =         {{Date} of last visit: \formatdate{21}{4}{2007}},
}

@Misc{unicore,
  author = {UNICORE},
  title = 	 {{U}niform {Interface} {to} {Computing} {Resources}},
  url = 	 {http://www.unicore.org/},
  editor = {UNICORE Forum},
  note =         {{Date} of last visit: \formatdate{15}{3}{2007}},
}

@Misc{python-language,
  author = {Python},
  title = 	 "{Python Programming Language -- Official Website}",
  url =    {http://www.python.org/},
  editor = {Python Software Foundation},
  note =         {{Date} of last visit: \formatdate{15}{3}{2007}},
}

@Misc{twisted-python,
  author =       {Twisted},
  title =	 "{Twisted Matrix Labs}",
  url =		 {http://twistedmatrix.com/trac/},
  editor =	 {Twisted Matrix Labs},
  note =         {{Date} of last visit: \formatdate{10}{3}{2007}},
}

@Misc{libvirt,
  author =	 {libvirt},
  title = 	 {the virtualization {API}},
  url =          {http://libvirt.org/},
  note =         {{Date} of last visit: \formatdate{12}{2}{2007}},
}

@Misc{pycurl,
  author =	 {PycURL},
  title =	 "{PycURL Home Page}",
  url =		 {http://pycurl.sourceforge.net/},
  editor =	 {Kjetil Jacobsen and Markus F.X.J. Oberhumer},
  note =	 {{Date} of last visit: \formatdate{20}{4}{2007}},
}

@Misc{stomp,
  author =	 {Stomp},
  title = 	 "{Stomp - Home}",
  url =		 {http://stomp.codehaus.org/},
  note =         {{Date} of last visit: \formatdate{20}{4}{2007}},
}

@Misc{m2crypto,
  author =	 {M2Crypto},
  title = 	 "{MeTooCrypto}",
  url =		 {http://wiki.osafoundation.org/Projects/MeTooCrypto},
  editor =	 {Open Source Applications Foundation},
  note =	 {{Date} of last visit: \formatdate{20}{4}{2007}},
}

@Misc{openVZ,
  author =	 {OpenVZ},
  title = 	 "{Server Virtualization Open Source Project}",
  url =		 {http://openvz.org/},
  editor =	 {SWsoft},
  note =	 {{Date} of last visit: \formatdate{20}{4}{2007}},
}

@Misc{POV-Ray,
  author =	 {POV-Ray},
  title = 	 "{The Persistence of Vision Raytracer}",
  url =		 {http://povray.org/},
  editor =	 {Hallam Oaks Pty. Ltd.},
  note =	 {{Date} of last visit: \formatdate{20}{4}{2007}},
}

@Misc{corba,
  author =	 {CORBA},
  title = 	 "{The OMG's CORBA Website}",
  url =		 {http://www.corba.org/},
  editor =	 {Object Management Group, Inc.},
  note =	 {{Date} of last visit: \formatdate{22}{4}{2007}},
}

@Misc{rmi,
  author =	 {RMI},
  title = 	 "{Remote Method Invocation}",
  url =		 {http://java.sun.com/javase/technologies/core/basic/rmi/index.jsp},
  editor =	 {Sun Microsystems, Inc.},
  note =	 {{Date} of last visit: \formatdate{22}{4}{2007}},
}

@Misc{dcom,
  author =	 {DCOM},
  title = 	 "{COM: Component Object Model Technologies}",
  url =		 {http://www.microsoft.com/com/default.mspx},
  editor =	 {Microsoft Corporation},
  note =	 {{Date} of last visit: \formatdate{20}{4}{2007}},
}

@Misc{mpi,
  author =	 {MPI},
  title = 	 "{Message Passing Interface}",
  url =		 {http://www-unix.mcs.anl.gov/mpi/},
  note =	 {{Date} of last visit: \formatdate{23}{4}{2007}},
}

@Misc{rpc,
  author =	 {RPC},
  title = 	 "{Remote Procedure Calls (RPC)}",
  url =		 {http://www.cs.cf.ac.uk/Dave/C/node33.html},
  note =	 {{Date} of last visit: \formatdate{23}{4}{2007}},
}

@Misc{nfs,
  author =	 {NFS},
  title = 	 "{Network File System (NFS) version 4 Protocol}",
  url =		 {http://www.ietf.org/rfc/rfc3530.txt},
  editor =	 {The Internet Society},
  note =	 {{Date} of last visit: \formatdate{20}{3}{2007}},
}

